%YAML 1.1
%TAG !u! tag:unity3d.com,2011:
--- !u!136 &974439579421304293
CapsuleCollider:
  m_ObjectHideFlags: 0
  m_CorrespondingSourceObject: {fileID: 0}
  m_PrefabInstance: {fileID: 0}
  m_PrefabAsset: {fileID: 0}
  m_GameObject: {fileID: 594860124443464584}
  m_Material: {fileID: 0}
  m_IsTrigger: 0
  m_Enabled: 1
  m_Radius: 2.7088642
  m_Height: 16.240292
  m_Direction: 0
  m_Center: {x: 1.403203, y: 6.688962, z: 9.28808}
--- !u!136 &3225300242229888026
CapsuleCollider:
  m_ObjectHideFlags: 0
  m_CorrespondingSourceObject: {fileID: 0}
  m_PrefabInstance: {fileID: 0}
  m_PrefabAsset: {fileID: 0}
  m_GameObject: {fileID: 594860124443464584}
  m_Material: {fileID: 0}
  m_IsTrigger: 0
  m_Enabled: 1
  m_Radius: 4.8899193
  m_Height: 20.511612
  m_Direction: 0
  m_Center: {x: 4.345825, y: 3.47785, z: 6.6090975}
--- !u!136 &5057792456883877524
CapsuleCollider:
  m_ObjectHideFlags: 0
  m_CorrespondingSourceObject: {fileID: 0}
  m_PrefabInstance: {fileID: 0}
  m_PrefabAsset: {fileID: 0}
  m_GameObject: {fileID: 594860124443464584}
  m_Material: {fileID: 0}
  m_IsTrigger: 0
  m_Enabled: 1
  m_Radius: 8.040195
  m_Height: 22.51492
  m_Direction: 0
  m_Center: {x: 4.880827, y: 1.5219679, z: -3.5039654}
--- !u!136 &8468185745001379846
CapsuleCollider:
  m_ObjectHideFlags: 0
  m_CorrespondingSourceObject: {fileID: 0}
  m_PrefabInstance: {fileID: 0}
  m_PrefabAsset: {fileID: 0}
  m_GameObject: {fileID: 594860124443464584}
  m_Material: {fileID: 0}
  m_IsTrigger: 0
  m_Enabled: 1
  m_Radius: 10.122256
  m_Height: 32.698517
  m_Direction: 0
  m_Center: {x: 0.69210434, y: -1.8164663, z: 0.3447094}
--- !u!1 &6912723592820552011
GameObject:
  m_ObjectHideFlags: 0
  m_CorrespondingSourceObject: {fileID: 0}
  m_PrefabInstance: {fileID: 0}
  m_PrefabAsset: {fileID: 0}
  serializedVersion: 6
  m_Component:
  - component: {fileID: 6912723592820552013}
  - component: {fileID: 277642836704608495}
  - component: {fileID: 8419734996850776877}
  - component: {fileID: 6958926757432377000}
  - component: {fileID: 4196267276802486550}
  - component: {fileID: 4151143150074133655}
  m_Layer: 0
  m_Name: BigAsteroid1
  m_TagString: Untagged
  m_Icon: {fileID: 0}
  m_NavMeshLayer: 0
  m_StaticEditorFlags: 0
  m_IsActive: 1
--- !u!4 &6912723592820552013
Transform:
  m_ObjectHideFlags: 0
  m_CorrespondingSourceObject: {fileID: 0}
  m_PrefabInstance: {fileID: 0}
  m_PrefabAsset: {fileID: 0}
  m_GameObject: {fileID: 6912723592820552011}
  m_LocalRotation: {x: 0, y: 0, z: 0, w: 1}
  m_LocalPosition: {x: 0, y: 0, z: 0}
  m_LocalScale: {x: 1, y: 1, z: 1}
  m_Children:
  - {fileID: 219144268974852402}
  m_Father: {fileID: 0}
  m_RootOrder: 0
  m_LocalEulerAnglesHint: {x: 0, y: 0, z: 0}
--- !u!54 &277642836704608495
Rigidbody:
  m_ObjectHideFlags: 0
  m_CorrespondingSourceObject: {fileID: 0}
  m_PrefabInstance: {fileID: 0}
  m_PrefabAsset: {fileID: 0}
  m_GameObject: {fileID: 6912723592820552011}
  serializedVersion: 2
  m_Mass: 2000
  m_Drag: 20
  m_AngularDrag: 0
  m_UseGravity: 0
  m_IsKinematic: 0
  m_Interpolate: 0
  m_Constraints: 0
  m_CollisionDetection: 0
--- !u!114 &8419734996850776877
MonoBehaviour:
  m_ObjectHideFlags: 0
  m_CorrespondingSourceObject: {fileID: 0}
  m_PrefabInstance: {fileID: 0}
  m_PrefabAsset: {fileID: 0}
  m_GameObject: {fileID: 6912723592820552011}
  m_Enabled: 1
  m_EditorHideFlags: 0
  m_Script: {fileID: 11500000, guid: cba8ee5f03f402147af4291e47ceac06, type: 3}
  m_Name: 
  m_EditorClassIdentifier: 
  _body: {fileID: 594860124443464584}
  _radarShadow: {fileID: 827908524258394036}
  _requiredSpace: 0
  distanceCheckDelay: 0
  minSpeed: 0
  maxSpeed: 0
  minRotation: 0
  maxRotation: 0
  _signalCanBeAddedOnSpawn: 0
  explosion: {fileID: 0}
  explosionSound: {fileID: 0}
  personalizedSignal: {fileID: 0}
--- !u!114 &6958926757432377000
MonoBehaviour:
  m_ObjectHideFlags: 0
  m_CorrespondingSourceObject: {fileID: 0}
  m_PrefabInstance: {fileID: 0}
  m_PrefabAsset: {fileID: 0}
  m_GameObject: {fileID: 6912723592820552011}
  m_Enabled: 1
  m_EditorHideFlags: 0
  m_Script: {fileID: 11500000, guid: 1f20cc207f579e143b662adf54d7c2e5, type: 3}
  m_Name: 
  m_EditorClassIdentifier: 
  _table: {fileID: 0}
--- !u!114 &4196267276802486550
MonoBehaviour:
  m_ObjectHideFlags: 0
  m_CorrespondingSourceObject: {fileID: 0}
  m_PrefabInstance: {fileID: 0}
  m_PrefabAsset: {fileID: 0}
  m_GameObject: {fileID: 6912723592820552011}
  m_Enabled: 1
  m_EditorHideFlags: 0
  m_Script: {fileID: 11500000, guid: d502cbf93692d284db004182477ce020, type: 3}
  m_Name: 
  m_EditorClassIdentifier: 
  _startingHealth: 5000
  _canTakeImpactDamage: 0
  _currentHealth: 0
--- !u!114 &4151143150074133655
MonoBehaviour:
  m_ObjectHideFlags: 0
  m_CorrespondingSourceObject: {fileID: 0}
  m_PrefabInstance: {fileID: 0}
  m_PrefabAsset: {fileID: 0}
  m_GameObject: {fileID: 6912723592820552011}
  m_Enabled: 1
  m_EditorHideFlags: 0
  m_Script: {fileID: 11500000, guid: e7dc1143d59cb9a4ca885c3f8ab68679, type: 3}
  m_Name: 
  m_EditorClassIdentifier: 
  _damageOnImpact: 25
--- !u!1001 &2661543263076071060
PrefabInstance:
  m_ObjectHideFlags: 0
  serializedVersion: 2
  m_Modification:
    m_TransformParent: {fileID: 219144268974852402}
    m_Modifications:
    - target: {fileID: 2655208125979399066, guid: e86255de84efed84f9c0b757be1bf248, type: 3}
      propertyPath: m_RootOrder
      value: 0
      objectReference: {fileID: 0}
    - target: {fileID: 2655208125979399066, guid: e86255de84efed84f9c0b757be1bf248, type: 3}
      propertyPath: m_LocalScale.x
      value: 1
      objectReference: {fileID: 0}
    - target: {fileID: 2655208125979399066, guid: e86255de84efed84f9c0b757be1bf248, type: 3}
      propertyPath: m_LocalScale.y
      value: 1
      objectReference: {fileID: 0}
    - target: {fileID: 2655208125979399066, guid: e86255de84efed84f9c0b757be1bf248, type: 3}
      propertyPath: m_LocalScale.z
      value: 1
      objectReference: {fileID: 0}
    - target: {fileID: 2655208125979399066, guid: e86255de84efed84f9c0b757be1bf248, type: 3}
      propertyPath: m_LocalPosition.x
      value: 0
      objectReference: {fileID: 0}
    - target: {fileID: 2655208125979399066, guid: e86255de84efed84f9c0b757be1bf248, type: 3}
      propertyPath: m_LocalPosition.y
      value: 0
      objectReference: {fileID: 0}
    - target: {fileID: 2655208125979399066, guid: e86255de84efed84f9c0b757be1bf248, type: 3}
      propertyPath: m_LocalPosition.z
      value: 0
      objectReference: {fileID: 0}
    - target: {fileID: 2655208125979399066, guid: e86255de84efed84f9c0b757be1bf248, type: 3}
      propertyPath: m_LocalRotation.w
      value: 1
      objectReference: {fileID: 0}
    - target: {fileID: 2655208125979399066, guid: e86255de84efed84f9c0b757be1bf248, type: 3}
      propertyPath: m_LocalRotation.x
      value: -0
      objectReference: {fileID: 0}
    - target: {fileID: 2655208125979399066, guid: e86255de84efed84f9c0b757be1bf248, type: 3}
      propertyPath: m_LocalRotation.y
      value: -0
      objectReference: {fileID: 0}
    - target: {fileID: 2655208125979399066, guid: e86255de84efed84f9c0b757be1bf248, type: 3}
      propertyPath: m_LocalRotation.z
      value: -0
      objectReference: {fileID: 0}
    - target: {fileID: 2655208125979399066, guid: e86255de84efed84f9c0b757be1bf248, type: 3}
      propertyPath: m_LocalEulerAnglesHint.x
      value: 0
      objectReference: {fileID: 0}
    - target: {fileID: 2655208125979399066, guid: e86255de84efed84f9c0b757be1bf248, type: 3}
      propertyPath: m_LocalEulerAnglesHint.y
      value: 0
      objectReference: {fileID: 0}
    - target: {fileID: 2655208125979399066, guid: e86255de84efed84f9c0b757be1bf248, type: 3}
      propertyPath: m_LocalEulerAnglesHint.z
      value: 0
      objectReference: {fileID: 0}
    - target: {fileID: 3428049749294172448, guid: e86255de84efed84f9c0b757be1bf248, type: 3}
      propertyPath: m_Name
      value: Shadow
      objectReference: {fileID: 0}
    - target: {fileID: 3428049749294172448, guid: e86255de84efed84f9c0b757be1bf248, type: 3}
      propertyPath: m_Layer
      value: 6
      objectReference: {fileID: 0}
    - target: {fileID: 3788122559114143989, guid: e86255de84efed84f9c0b757be1bf248, type: 3}
      propertyPath: m_Enabled
      value: 0
      objectReference: {fileID: 0}
    - target: {fileID: 3788122559114143989, guid: e86255de84efed84f9c0b757be1bf248, type: 3}
      propertyPath: m_Materials.Array.data[0]
      value: 
      objectReference: {fileID: 2100000, guid: 3d6cd5098fbc8a6408314071e303a487, type: 2}
    m_RemovedComponents: []
  m_SourcePrefab: {fileID: 100100000, guid: e86255de84efed84f9c0b757be1bf248, type: 3}
--- !u!1 &827908524258394036 stripped
GameObject:
  m_CorrespondingSourceObject: {fileID: 3428049749294172448, guid: e86255de84efed84f9c0b757be1bf248, type: 3}
  m_PrefabInstance: {fileID: 2661543263076071060}
  m_PrefabAsset: {fileID: 0}
--- !u!1001 &2869847618487622312
PrefabInstance:
  m_ObjectHideFlags: 0
  serializedVersion: 2
  m_Modification:
    m_TransformParent: {fileID: 6912723592820552013}
    m_Modifications:
    - target: {fileID: 916303354480280185, guid: e86255de84efed84f9c0b757be1bf248, type: 3}
      propertyPath: m_Enabled
      value: 0
      objectReference: {fileID: 0}
    - target: {fileID: 2655208125979399066, guid: e86255de84efed84f9c0b757be1bf248, type: 3}
      propertyPath: m_RootOrder
      value: 0
      objectReference: {fileID: 0}
    - target: {fileID: 2655208125979399066, guid: e86255de84efed84f9c0b757be1bf248, type: 3}
      propertyPath: m_LocalScale.x
      value: 2
      objectReference: {fileID: 0}
    - target: {fileID: 2655208125979399066, guid: e86255de84efed84f9c0b757be1bf248, type: 3}
      propertyPath: m_LocalScale.y
      value: 2
      objectReference: {fileID: 0}
    - target: {fileID: 2655208125979399066, guid: e86255de84efed84f9c0b757be1bf248, type: 3}
      propertyPath: m_LocalScale.z
      value: 2
      objectReference: {fileID: 0}
    - target: {fileID: 2655208125979399066, guid: e86255de84efed84f9c0b757be1bf248, type: 3}
      propertyPath: m_LocalPosition.x
      value: -0
      objectReference: {fileID: 0}
    - target: {fileID: 2655208125979399066, guid: e86255de84efed84f9c0b757be1bf248, type: 3}
      propertyPath: m_LocalPosition.y
      value: 0
      objectReference: {fileID: 0}
    - target: {fileID: 2655208125979399066, guid: e86255de84efed84f9c0b757be1bf248, type: 3}
      propertyPath: m_LocalPosition.z
      value: 0
      objectReference: {fileID: 0}
    - target: {fileID: 2655208125979399066, guid: e86255de84efed84f9c0b757be1bf248, type: 3}
      propertyPath: m_LocalRotation.w
      value: 1
      objectReference: {fileID: 0}
    - target: {fileID: 2655208125979399066, guid: e86255de84efed84f9c0b757be1bf248, type: 3}
      propertyPath: m_LocalRotation.x
      value: 0
      objectReference: {fileID: 0}
    - target: {fileID: 2655208125979399066, guid: e86255de84efed84f9c0b757be1bf248, type: 3}
      propertyPath: m_LocalRotation.y
      value: 0
      objectReference: {fileID: 0}
    - target: {fileID: 2655208125979399066, guid: e86255de84efed84f9c0b757be1bf248, type: 3}
      propertyPath: m_LocalRotation.z
      value: 0
      objectReference: {fileID: 0}
    - target: {fileID: 2655208125979399066, guid: e86255de84efed84f9c0b757be1bf248, type: 3}
      propertyPath: m_LocalEulerAnglesHint.x
      value: 0
      objectReference: {fileID: 0}
    - target: {fileID: 2655208125979399066, guid: e86255de84efed84f9c0b757be1bf248, type: 3}
      propertyPath: m_LocalEulerAnglesHint.y
      value: 0
      objectReference: {fileID: 0}
    - target: {fileID: 2655208125979399066, guid: e86255de84efed84f9c0b757be1bf248, type: 3}
      propertyPath: m_LocalEulerAnglesHint.z
      value: 0
      objectReference: {fileID: 0}
    - target: {fileID: 3428049749294172448, guid: e86255de84efed84f9c0b757be1bf248, type: 3}
      propertyPath: m_Name
      value: Body
      objectReference: {fileID: 0}
    m_RemovedComponents: []
  m_SourcePrefab: {fileID: 100100000, guid: e86255de84efed84f9c0b757be1bf248, type: 3}
--- !u!1 &594860124443464584 stripped
GameObject:
  m_CorrespondingSourceObject: {fileID: 3428049749294172448, guid: e86255de84efed84f9c0b757be1bf248, type: 3}
  m_PrefabInstance: {fileID: 2869847618487622312}
  m_PrefabAsset: {fileID: 0}
--- !u!4 &219144268974852402 stripped
Transform:
  m_CorrespondingSourceObject: {fileID: 2655208125979399066, guid: e86255de84efed84f9c0b757be1bf248, type: 3}
  m_PrefabInstance: {fileID: 2869847618487622312}
  m_PrefabAsset: {fileID: 0}
